@book{GPUGems2GeometryClipmaps,
  author    = {},
  editor    = {},
  publisher = {},
  title     = {GPU Gems 2},
  year      = {2005}
}

@article{SparseVoxelOctree,
  author  = {Samuli Laine and Tero Karras},
  journal = {NVIDIA Research},
  number  = {},
  title   = {Efficient Sparse Voxel Octrees â€“ Analysis, Extensions, and Implementation},
  volume  = {},
  year    = {2010}
}

@manual{NaniteManual,
  title = {Nanite Virtualized Geometry},
  url   = {https://dev.epicgames.com/documentation/en-us/unreal-engine/nanite-virtualized-geometry-in-unreal-engine}
}
